
<record>
  <leader>02101nam a22003855i 4500</leader>
  <controlfield tag="001">21353246</controlfield>
  <datafield tag="906" ind1=" " ind2=" ">
    <subfield code="a">0</subfield>
    <subfield code="b">ibc</subfield>
    <subfield code="c">origres</subfield>
    <subfield code="d">u</subfield>
    <subfield code="e">ncip</subfield>
    <subfield code="f">20</subfield>
    <subfield code="g">y-gencatlg</subfield>
  </datafield>
  <datafield tag="925" ind1="0" ind2=" ">
    <subfield code="a">acquire</subfield>
    <subfield code="b">1 shelf copy</subfield>
    <subfield code="x">policy default</subfield>
  </datafield>
  <datafield tag="955" ind1=" " ind2=" ">
    <subfield code="a">ve03 2020-01-03</subfield>
  </datafield>
  <controlfield tag="005">20200103195333.0</controlfield>
  <controlfield tag="008">191022t20192019fr            000 0 fre  </controlfield>
  <datafield tag="020" ind1=" " ind2=" ">
    <subfield code="a">9782251006338</subfield>
    <subfield code="q">(paperback)</subfield>
  </datafield>
  <datafield tag="035" ind1=" " ind2=" ">
    <subfield code="a">(Fr-PaAMA)AAL0828804-0001</subfield>
  </datafield>
  <datafield tag="040" ind1=" " ind2=" ">
    <subfield code="a">DLC</subfield>
    <subfield code="b">eng</subfield>
    <subfield code="c">DLC</subfield>
    <subfield code="e">rda</subfield>
  </datafield>
  <datafield tag="042" ind1=" " ind2=" ">
    <subfield code="a">pcc</subfield>
  </datafield>
  <datafield tag="041" ind1="1" ind2=" ">
    <subfield code="a">fre</subfield>
    <subfield code="a">grc</subfield>
    <subfield code="h">grc</subfield>
  </datafield>
  <datafield tag="245" ind1="0" ind2="4">
    <subfield code="a">Les signes du temps ;</subfield>
    <subfield code="b">[suivi par], Les vents /</subfield>
    <subfield code="c">Théophraste ; texte établi et traduit par Suzanne Amigues, professeur émérite à l&apos;Université Paul Valéry de Montpellier.</subfield>
  </datafield>
  <datafield tag="264" ind1=" " ind2="1">
    <subfield code="a">Paris :</subfield>
    <subfield code="b">Les Belles Lettres,</subfield>
    <subfield code="c">2019.</subfield>
  </datafield>
  <datafield tag="264" ind1=" " ind2="4">
    <subfield code="c">©2019</subfield>
  </datafield>
  <datafield tag="300" ind1=" " ind2=" ">
    <subfield code="a">l, 182, 57 pages :</subfield>
    <subfield code="b">illustrations ;</subfield>
    <subfield code="c">20 cm.</subfield>
  </datafield>
  <datafield tag="336" ind1=" " ind2=" ">
    <subfield code="a">text</subfield>
    <subfield code="b">txt</subfield>
    <subfield code="2">rdacontent</subfield>
  </datafield>
  <datafield tag="337" ind1=" " ind2=" ">
    <subfield code="a">unmediated</subfield>
    <subfield code="b">n</subfield>
    <subfield code="2">rdamedia</subfield>
  </datafield>
  <datafield tag="338" ind1=" " ind2=" ">
    <subfield code="a">volume</subfield>
    <subfield code="b">nc</subfield>
    <subfield code="2">rdacarrier</subfield>
  </datafield>
  <datafield tag="490" ind1="1" ind2=" ">
    <subfield code="a">Collection des universités de France,</subfield>
    <subfield code="x">0184-7155.</subfield>
    <subfield code="a">Série grecque ;</subfield>
    <subfield code="v">547</subfield>
  </datafield>
  <datafield tag="504" ind1=" " ind2=" ">
    <subfield code="a">Includes bibliographical references (pages 59-60) and index.</subfield>
  </datafield>
  <datafield tag="505" ind1="0" ind2=" ">
    <subfield code="a">Notice commune aux Signes du temps et aux Vents / Suzanne Amigues -- Sommaire des deux ouvrages / Suzanne Amigues -- Traduction manuscrite et éditoriale / Suzanne Amigues -- De signis -- De ventis -- Bibliographie commune aux deux ouvrages -- Commentaire Les signes du temps / Suzanne Amigues -- Commentaire Les vents / Suzanne Amigues.</subfield>
  </datafield>
  <datafield tag="534" ind1=" " ind2=" ">
    <subfield code="a">Greek texts with French translations on opposite pages; critical matter in French.</subfield>
  </datafield>
  <datafield tag="700" ind1="0" ind2="2">
    <subfield code="i">Container of (work):</subfield>
    <subfield code="a">Théophrastus.</subfield>
    <subfield code="t">De signis.</subfield>
    <subfield code="s">(Amigues)</subfield>
  </datafield>
  <datafield tag="700" ind1="0" ind2="2">
    <subfield code="i">Container of (expression):</subfield>
    <subfield code="a">Théophrastus.</subfield>
    <subfield code="t">De signis.</subfield>
    <subfield code="l">French.</subfield>
    <subfield code="s">(Amigues)</subfield>
  </datafield>
  <datafield tag="700" ind1="0" ind2="2">
    <subfield code="i">Container of (work):</subfield>
    <subfield code="a">Théophrastus.</subfield>
    <subfield code="t">Peri anemon.</subfield>
    <subfield code="s">(Amigues)</subfield>
  </datafield>
  <datafield tag="700" ind1="0" ind2="2">
    <subfield code="i">Container of (expression):</subfield>
    <subfield code="a">Théophrastus.</subfield>
    <subfield code="t">Peri anemon.</subfield>
    <subfield code="l">French.</subfield>
    <subfield code="s">(Amigues)</subfield>
  </datafield>
  <datafield tag="700" ind1="1" ind2="2">
    <subfield code="i">Container of (work):</subfield>
    <subfield code="a">Amigues, Suzanne.</subfield>
    <subfield code="t">Commentaire Les signes du temps.</subfield>
  </datafield>
  <datafield tag="830" ind1=" " ind2="0">
    <subfield code="a">Collection des universités de France.</subfield>
    <subfield code="p">Série grecque ;</subfield>
    <subfield code="v">547.</subfield>
  </datafield>
  <datafield tag="923" ind1=" " ind2=" ">
    <subfield code="d">20191211</subfield>
    <subfield code="n">637232</subfield>
    <subfield code="s">FR-PaAMA</subfield>
  </datafield>
  <datafield tag="985" ind1=" " ind2=" ">
    <subfield code="e">VENDOR LOAD</subfield>
  </datafield>
</record>